[gd_scene load_steps=7 format=2]

[ext_resource path="res://scenes/CardPlaceholder.tscn" type="PackedScene" id=1]
[ext_resource path="res://scripts/PlayerDeck.gd" type="Script" id=2]

[sub_resource type="DynamicFontData" id=1]
font_path = "res://fonts/Consolas.ttf"

[sub_resource type="DynamicFont" id=2]
size = 20
font_data = SubResource( 1 )

[sub_resource type="DynamicFontData" id=3]
font_path = "res://fonts/Consolas.ttf"

[sub_resource type="DynamicFont" id=4]
size = 20
font_data = SubResource( 3 )

[node name="PlayerDeck" type="Control"]
script = ExtResource( 2 )

[node name="PlayerLabel" type="RichTextLabel" parent="."]
visible = false
margin_right = 125.0
margin_bottom = 48.0
rect_pivot_offset = Vector2( 24, 8 )
custom_fonts/normal_font = SubResource( 2 )
text = "Player
"

[node name="PlayerScoreLabel" type="RichTextLabel" parent="."]
visible = false
anchor_left = 1.0
anchor_right = 1.0
margin_left = 1126.0
margin_right = 1251.0
margin_bottom = 48.0
rect_pivot_offset = Vector2( 24, 8 )
custom_fonts/normal_font = SubResource( 4 )
text = "Score: 0"

[node name="CardPlaceholder1" parent="." instance=ExtResource( 1 )]
visible = false
margin_top = 40.0
margin_bottom = 40.0

[node name="CardPlaceholder2" parent="." instance=ExtResource( 1 )]
visible = false
margin_left = 136.0
margin_top = 40.0
margin_right = 136.0
margin_bottom = 40.0

[node name="CardPlaceholder3" parent="." instance=ExtResource( 1 )]
visible = false
margin_left = 272.0
margin_top = 40.0
margin_right = 272.0
margin_bottom = 40.0

[node name="CardPlaceholder4" parent="." instance=ExtResource( 1 )]
visible = false
margin_left = 408.0
margin_top = 40.0
margin_right = 408.0
margin_bottom = 40.0

[node name="CardPlaceholder5" parent="." instance=ExtResource( 1 )]
visible = false
margin_left = 544.0
margin_top = 40.0
margin_right = 544.0
margin_bottom = 40.0

[node name="CardPlaceholder6" parent="." instance=ExtResource( 1 )]
visible = false
margin_left = 680.0
margin_top = 40.0
margin_right = 680.0
margin_bottom = 40.0

[node name="CardPlaceholder7" parent="." instance=ExtResource( 1 )]
visible = false
margin_left = 816.0
margin_top = 40.0
margin_right = 816.0
margin_bottom = 40.0

[node name="CardPlaceholder8" parent="." instance=ExtResource( 1 )]
visible = false
margin_left = 952.0
margin_top = 40.0
margin_right = 952.0
margin_bottom = 40.0

[node name="CardPlaceholder9" parent="." instance=ExtResource( 1 )]
visible = false
margin_left = 1088.0
margin_top = 40.0
margin_right = 1088.0
margin_bottom = 40.0
